% This file was created with JabRef 2.10.
% Encoding: UTF-8


@InProceedings{6779078,
  Title                    = {Improving throughput by integrated power allocation and rate selection in IEEE 802.1 lac downlink multi-user MIMO},
  Author                   = {M. Aajami and P. Hyun and H. R. Park and J. B. Suk},
  Booktitle                = {16th International Conference on Advanced Communication Technology},
  Year                     = {2014},
  Month                    = {Feb},
  Pages                    = {840-844},

  Doi                      = {10.1109/ICACT.2014.6779078},
  ISSN                     = {1738-9445},
  Keywords                 = {MIMO communication;modulation;wireless LAN;IEEE 802.11ac downlink multiuser MIMO;MAC layer;air time utilization;channel state information;downlink multiuser mode;high throughput WLANs;higher order modulation;integrated power allocation;physical layer;rate selection;transmission power allocation;Downlink;Educational institutions;MIMO;Modulation;Quality of service;Resource management;Throughput;DL-MU-MIMO;IEEE 802.11ac;power allocation;rate selection}
}

@InProceedings{8288074,
  Title                    = {Performance of Overlaid MIMO Cellular Networks with TAS \#x002F;MRC under Hybrid-Access Small Cells and Poisson Field Interference},
  Author                   = {A. A. AbdelNabi and F. S. Al-Qahtani and R. M. Radaydeh and M. Shaqfeh and R. F. Manna},
  Booktitle                = {2017 IEEE 86th Vehicular Technology Conference (VTC-Fall)},
  Year                     = {2017},
  Month                    = {Sept},
  Pages                    = {1-6},

  Doi                      = {10.1109/VTCFall.2017.8288074},
  Keywords                 = {MIMO communication;diversity reception;femtocellular radio;probability;radio transceivers;radiofrequency interference;transmitting antennas;MIMO point-to-point channels;MIMO spatial domain;MIMO transceivers;MRC;Poisson field distribution;Poisson field processes;TAS/MRC;downlink outage probability performance;highly-correlated transmit antenna arrays;hybrid control-access small cells;interference sources;macrocell base station;maximal ratio combining;network tiers;network-level models;observed interference power levels;overlaid MIMO cellular networks;random interference distributions;transmit antenna selection;two-tier multi-input multi-output cellular networks;uncorrelated transmit antenna arrays;Femtocells;Interference;MIMO communication;Macrocell networks;Receiving antennas;Signal to noise ratio;Transmitting antennas}
}

@InProceedings{7218411,
  Title                    = {Mode and user selection for multi-user MIMO WLANs without CSI},
  Author                   = {N. Anand and J. Lee and S. J. Lee and E. W. Knightly},
  Booktitle                = {2015 IEEE Conference on Computer Communications (INFOCOM)},
  Year                     = {2015},
  Month                    = {April},
  Pages                    = {451-459},

  __markedentry            = {[clarke:1]},
  Doi                      = {10.1109/INFOCOM.2015.7218411},
  ISSN                     = {0743-166X},
  Keywords                 = {MIMO communication;channel allocation;multi-access systems;wireless LAN;MIMO access point;PUMA algorithm;aggregate throughput;multiuser MIMO WLAN;overhead intensive channel sounding process;perstream transmission rate;presounding user and mode selection algorithm;relative cost;user selection;Aggregates;Interference;Receiving antennas;Signal to noise ratio;Throughput;Transmitting antennas}
}

@InProceedings{7127500,
  Title                    = {Joint transmit antenna selection and user scheduling for Massive MIMO systems},
  Author                   = {M. Benmimoune and E. Driouch and W. Ajib and D. Massicotte},
  Booktitle                = {2015 IEEE Wireless Communications and Networking Conference (WCNC)},
  Year                     = {2015},
  Month                    = {March},
  Pages                    = {381-386},

  Doi                      = {10.1109/WCNC.2015.7127500},
  ISSN                     = {1525-3511},
  Keywords                 = {MIMO communication;search problems;transmitting antennas;BFS solution;computational complexity;exhaustive brute force search;joint transmit antenna selection and user scheduling;massive MIMO systems;massive multiple input multiple output systems;multiuser diversity gain;spatial selectivity gain;Computational complexity;Joints;MIMO;Transmitting antennas}
}

@InProceedings{5935147,
  Title                    = {Base-station selections for qos provisioning over distributed multi-user MIMO links in wireless networks},
  Author                   = {Q. Du and X. Zhang},
  Booktitle                = {2011 Proceedings IEEE INFOCOM},
  Year                     = {2011},
  Month                    = {April},
  Pages                    = {3038-3046},

  __markedentry            = {[clarke:1]},
  Doi                      = {10.1109/INFCOM.2011.5935147},
  ISSN                     = {0743-166X},
  Keywords                 = {MIMO communication;quality of service;radio links;radio networks;time division multiple access;QoS provisioning;base-station selection;central server;delay-bound violation probability;distributed MIMO transmission;distributed multiple-input-multiple-output link;distributed multiuser MIMO link;downlink multiuser transmission;joint block-diagonalization;probabilistic transmission;resource allocation;statistical delay-QoS requirement;time division multiple access;wireless networks;wireless resource-allocation algorithm;Fading;Joints;MIMO;Mobile communication;Quality of service;Servers;Wireless communication;Distributed MIMO;broadband wireless networks;statistical QoS provisioning;wireless fading channels}
}

@InProceedings{7406074,
  Title                    = {A Fairness Factor of User Selection Algorithm for Downlink MU-MIMO System},
  Author                   = {Y. Feng and L. Ma and Y. Xu},
  Booktitle                = {2015 Fifth International Conference on Instrumentation and Measurement, Computer, Communication and Control (IMCCC)},
  Year                     = {2015},
  Month                    = {Sept},
  Pages                    = {1379-1383},

  Doi                      = {10.1109/IMCCC.2015.295},
  Keywords                 = {MIMO communication;multiuser channels;base station;downlink multi-user MIMO system;fairness factor;multiple-input multiple-output systems;space signal interference;user fairness;user selection algorithm;Algorithm design and analysis;Antennas;Base stations;Downlink;Interference;MIMO;Probability;MIMOUser Selection;User Fairness}
}

@InProceedings{8254584,
  Title                    = {PBUS: Efficient User Selection for Block Diagonalization in Dense Wireless Networks},
  Author                   = {M. Ge and D. M. Blough},
  Booktitle                = {GLOBECOM 2017 - 2017 IEEE Global Communications Conference},
  Year                     = {2017},
  Month                    = {Dec},
  Pages                    = {1-7},

  __markedentry            = {[clarke:1]},
  Doi                      = {10.1109/GLOCOM.2017.8254584},
  Keywords                 = {MIMO communication;block codes;computational complexity;cooperative communication;multi-access systems;precoding;radiofrequency interference;trees (mathematics);Block Diagonalization precoding technique;PBUS;adjacent access points interfrerence;binary tree;channel state information;cochannel interference mitigation;dense environments;dense wireless networks;efficient user selection;interuser interference;multiple candidate user groups;multiuser MIMO;pairing-and-binary-tree-based user selection algorithm;user selection algorithm}
}

@Article{6574205,
  Title                    = {Learning State Selection for Reconfigurable Antennas: A Multi-Armed Bandit Approach},
  Author                   = {N. Gulati and K. R. Dandekar},
  Journal                  = {IEEE Transactions on Antennas and Propagation},
  Year                     = {2014},

  Month                    = {March},
  Number                   = {3},
  Pages                    = {1027-1038},
  Volume                   = {62},

  __markedentry            = {[clarke:1]},
  Doi                      = {10.1109/TAP.2013.2276414},
  ISSN                     = {0018-926X},
  Keywords                 = {MIMO communication;OFDM modulation;antenna radiation patterns;radio links;wireless channels;MIMO OFDM system;adaptive state selection;arbitrary link quality metrics;channel state information;channel training frequency;learning state selection;long term link performance;multiarmed bandit approach;multiarmed bandit framework;multiarmed bandit problem;online learning;optimal antenna state;radiation patterns;reconfigurable antenna state selection;reconfigurable antennas;sequential decision policy;wireless channel statistics;wireless link;MIMO;OFDM;Receiving antennas;Training;Transmitting antennas;Beamsteering;MIMO;OFDM;cognitive radio;multi-armed bandit;online learning;reconfigurable antennas}
}

@InProceedings{4348151,
  Title                    = {A multi-user multi-beam selection scheme based on orthonormal random beamforming for mimo downlink system},
  Author                   = {Feng Han and Ying-zhuang Liu and Guang-xi Zhu and Jun Sun},
  Booktitle                = {2007 International Conference on Communications, Circuits and Systems},
  Year                     = {2007},
  Month                    = {July},
  Pages                    = {145-149},

  Doi                      = {10.1109/ICCCAS.2007.4348151},
  Keywords                 = {direction-of-arrival estimation;least squares approximations;DOA estimation algorithm;direction-of-arrival tracking;multiple scattering source;total least square-ESPRIT;Additive noise;Antenna arrays;Approximation algorithms;Direction of arrival estimation;Interchannel interference;Iterative algorithms;Parameter estimation;Robustness;Scattering parameters;Wide area networks}
}

@Article{6234974,
  Title                    = {Decremental User Selection for Large-Scale Multi-User MIMO Downlink with Zero-Forcing Beamforming},
  Author                   = {S. Huang and H. Yin and H. Li and V. C. M. Leung},
  Journal                  = {IEEE Wireless Communications Letters},
  Year                     = {2012},

  Month                    = {October},
  Number                   = {5},
  Pages                    = {480-483},
  Volume                   = {1},

  Doi                      = {10.1109/WCL.2012.070312.120400},
  ISSN                     = {2162-2337},
  Keywords                 = {MIMO communication;antenna arrays;array signal processing;computational complexity;multiuser channels;search problems;set theory;DML algorithm;antennas;base station;computational complexity;decremental user selection algorithm;empty user set;incremental search;large-scale multiuser MIMO downlink;large-scale multiuser multiple-input multiple-output downlink channels;minimum lambda algorithm;zero-forcing beamforming;Array signal processing;Complexity theory;Downlink;MIMO;Signal to noise ratio;Time division multiple access;Vectors;Large-scale MIMO;decremental user selection;multi-user MIMO;zero-forcing beamforming}
}

@InProceedings{7354607,
  Title                    = {Client selection for coordinated IEEE 802.11ac multi-user MIMO-enabled access points},
  Author                   = {S. Jeong and H. Roh and W. Lee},
  Booktitle                = {2015 International Conference on Information and Communication Technology Convergence (ICTC)},
  Year                     = {2015},
  Month                    = {Oct},
  Pages                    = {548-553},

  __markedentry            = {[clarke:1]},
  Doi                      = {10.1109/ICTC.2015.7354607},
  File                     = {:jeong2015.pdf:PDF},
  Keywords                 = {MIMO communication;cellular radio;centralised control;multi-access systems;polynomials;radiofrequency interference;search problems;telecommunication control;wireless LAN;IEEE 802.11ac MU-MIMO networks;MU-MIMO technology;central controller coordinates;client selection problem;computational overhead;coordinated IEEE 802.11ac;coordinated access points;downlink multiuser MIMO technology;multicell interference;multiuser MIMO-enabled access points;polynomial time algorithm;Aggregates;Algorithm design and analysis;Array signal processing;Downlink;Interference;MIMO;Throughput;Multi-user MIMO;coordinated access points;the Hungarian algorithm}
}

@InProceedings{4224534,
  Title                    = {Low Complex User Selection Strategies for Multi-User MIMO Downlink Scenario},
  Author                   = {T. Ji and C. Zhou and S. Zhou and Y. Yao},
  Booktitle                = {2007 IEEE Wireless Communications and Networking Conference},
  Year                     = {2007},
  Month                    = {March},
  Pages                    = {1532-1537},

  __markedentry            = {[clarke:1]},
  Doi                      = {10.1109/WCNC.2007.289},
  ISSN                     = {1525-3511},
  Keywords                 = {MIMO communication;multiuser detection;transmitting antennas;MIMO system;channel matrices;multiuser MIMO downlink scenario;receive antenna selection;receive antennas;transmitter;user selection;Channel allocation;Communications Society;Downlink;Interference;MIMO;Multiaccess communication;Radio transmitters;Receiving antennas;Throughput;Transmitting antennas}
}

@InProceedings{6952212,
  Title                    = {Performance of linear precoding and user selection in IEEE 802.11ac downlink MU-MIMO system},
  Author                   = {W. Lim and G. Kim and J. Kim and H. Park and K. Lee and H. Jang},
  Booktitle                = {2014 IEEE Wireless Communications and Networking Conference (WCNC)},
  Year                     = {2014},
  Month                    = {April},
  Pages                    = {925-929},

  Doi                      = {10.1109/WCNC.2014.6952212},
  ISSN                     = {1525-3511},
  Keywords                 = {MIMO communication;linear codes;next generation networks;packet radio networks;precoding;wireless LAN;wireless channels;BD;CSI;IEEE 802.11ac downlink MU-MIMO system;PER performance;WLAN;block diagonalization;channel model;channel state information;compressed feedback;greedy user selection metrics;linear precoding schemes;multiuser multiple-input multiple-output scheme;next generation wireless local area network;packet error rate performance;precoding matrix;Bandwidth;Channel models;Complexity theory;Matrix decomposition;Measurement;Signal to noise ratio;Wireless LAN}
}

@InProceedings{4656929,
  Title                    = {Efficient User Selection and Generalized Beamforming for Multi-User MIMO Downlink},
  Author                   = {A. Liu and W. Luo and X. Haige},
  Booktitle                = {2008 IEEE 68th Vehicular Technology Conference},
  Year                     = {2008},
  Month                    = {Sept},
  Pages                    = {1-5},

  Doi                      = {10.1109/VETECF.2008.97},
  ISSN                     = {1090-3038},
  Keywords                 = {MIMO communication;antenna arrays;multiuser channels;generalized beamforming;multi-user MIMO downlink;multiple antennas;multiple-input multiple-output downlink;multiple-input single-output effective channel;user selection;Array signal processing;Base stations;Broadcasting;Downlink;MIMO;Optimal scheduling;Scheduling algorithm;Throughput;Transmitters;Transmitting antennas}
}

@Article{7890359,
  Title                    = {Dynamic User Grouping and Joint Resource Allocation With Multi-Cell Cooperation for Uplink Virtual MIMO Systems},
  Author                   = {X. Lu and Q. Ni and W. Li and H. Zhang},
  Journal                  = {IEEE Transactions on Wireless Communications},
  Year                     = {2017},

  Month                    = {June},
  Number                   = {6},
  Pages                    = {3854-3869},
  Volume                   = {16},

  Doi                      = {10.1109/TWC.2017.2689760},
  ISSN                     = {1536-1276},
  Keywords                 = {MIMO communication;adaptive modulation;cellular radio;computational complexity;error statistics;frequency division multiple access;iterative methods;least mean squares methods;optimisation;resource allocation;BER;RB pattern assignment;adaptive modulation;bit error rate constraint;cell selection;computational complexity reduction;dynamic multicell user grouping criteria;dynamic user grouping;iterative Hungarian algorithm;minimum mean square error equalization;multicell cooperation;multicell virtual MIMO systems;novel joint resource allocation algorithm;resource block allocation;resource partitions;single carrier-frequency division multiple access uplink;system throughput;throughput maximization problem;uplink virtual MIMO systems;user partitions;Dynamic scheduling;Heuristic algorithms;Interference;MIMO;Resource management;Uplink;Wireless communication;Virtual MIMO;dynamic user grouping;fairness;multi-cell cooperation;resource allocation;user and resource partitions}
}

@InProceedings{6578321,
  Title                    = {Efficient MAC for distributed multiuser MIMO systems},
  Author                   = {A. Michaloliakos and R. Rogalin and V. Balan and K. Psounis and G. Caire},
  Booktitle                = {2013 10th Annual Conference on Wireless On-demand Network Systems and Services (WONS)},
  Year                     = {2013},
  Month                    = {March},
  Pages                    = {52-59},

  Doi                      = {10.1109/WONS.2013.6578321},
  Keywords                 = {MIMO systems;access protocols;antenna arrays;decoding;interference (signal);multi-access systems;precoding;scheduling;synchronisation;IEEE 802.11ac;MAC super-frame;access points;coordinating servers;distributed multiuser MIMO systems;enterprise networks;joint decoding;media access control;multiantenna access point;precoding;rateless codes;user selection;Antennas;Bandwidth;Encoding;MIMO;Servers;Signal to noise ratio;Synchronization}
}

@Article{4686832,
  Title                    = {A Distributed Downlink Scheduling Method for Multi-user Communication with Zero-Forcing Beamforming},
  Author                   = {J. C. Mundarath and P. Ramanathan and B. D. Van Veen},
  Journal                  = {IEEE Transactions on Wireless Communications},
  Year                     = {2008},

  Month                    = {November},
  Number                   = {11},
  Pages                    = {4508-4521},
  Volume                   = {7},

  Doi                      = {10.1109/T-WC.2008.060466},
  ISSN                     = {1536-1276},
  Keywords                 = {MIMO communication;antenna arrays;computational complexity;wireless channels;communication channel;computational complexity;distributed downlink scheduling method;multi-user beamforming;multi-user communication;multiple antennas;time-frequency uplink-downlink channels;zero-forcing beamforming;Array signal processing;Broadcasting;Communication channels;Communication system control;Computational complexity;Distributed computing;Downlink;Measurement;Processor scheduling;Time frequency analysis;Zero-forcing, beamforming, multi-user selection, MIMO}
}

@InProceedings{8228845,
  Title                    = {Blind beamforming method by terminal station for downlink multi-beam massive MIMO},
  Author                   = {S. Ogawa and K. Nishimori and R. Taniguchi and T. Hiraguri},
  Booktitle                = {2017 International Symposium on Antennas and Propagation (ISAP)},
  Year                     = {2017},
  Month                    = {Oct},
  Pages                    = {1-2},

  Doi                      = {10.1109/ISANP.2017.8228845},
  Keywords                 = {MIMO communication;array signal processing;modulation;blind algorithm;blind beamforming method;constant modulus algorithm;high order modulation scheme;massive MIMO transmission;multibeam massive MIMO;CMA;Massive MIMO;Multi-beam;beam selection;downkink}
}

@Article{7057545,
  Title                    = {A Novel Low-Complexity Joint User-Relay Selection and Association for Multi-User Multi-Relay MIMO Uplink},
  Author                   = {G. O. Okeke and W. A. Krzymień and Y. Jing and J. Melzer},
  Journal                  = {IEEE Wireless Communications Letters},
  Year                     = {2015},

  Month                    = {June},
  Number                   = {3},
  Pages                    = {309-312},
  Volume                   = {4},

  Doi                      = {10.1109/LWC.2015.2411657},
  ISSN                     = {2162-2337},
  Keywords                 = {MIMO communication;antennas;radio links;relay networks (telecommunication);wireless channels;broadband wireless relay networks;channel gains;channel knowledge;multiantenna nodes;multiuser multirelay MIMO uplink;multiuser multirelay cooperative wireless relay uplinks;novel low complexity joint user relay selection;selected relays;user relay association;user relay selection;Array signal processing;Complexity theory;Interference;Joints;MIMO;Relays;Wireless communication;MIMO relaying;Multiuser MIMO;relay selection;user scheduling;user-relay selection and association}
}

@Article{8306705,
  Title                    = {An energy-efficient joint antenna and user selection algorithm for multi-user massive MIMO downlink},
  Author                   = {M. Olyaee and M. Eslami and J. Haghighat},
  Journal                  = {IET Communications},
  Year                     = {2018},
  Number                   = {3},
  Pages                    = {255-260},
  Volume                   = {12},

  Doi                      = {10.1049/iet-com.2017.0905},
  ISSN                     = {1751-8628},
  Keywords                 = {MIMO communication;antenna arrays;cellular radio;energy conservation;energy consumption;precoding;telecommunication power management;telecommunication scheduling;BS energy efficiency;RF chains;ZF precoding;analytical approximation;base station;cellular system;energy consumption;energy-efficient joint antenna;massive multiple-input multiple-output technology;multiuser massive MIMO downlink;optimum exhaustive-search based scheme;performance loss;radio-frequency chains;scheduling algorithms;user selection algorithm;zero-forcing precoding}
}

@InProceedings{6666351,
  Title                    = {Enhanced multi-user eigen channel selection for MIMO downlink transmissions},
  Author                   = {H. Sun and W. Fang},
  Booktitle                = {2013 IEEE 24th Annual International Symposium on Personal, Indoor, and Mobile Radio Communications (PIMRC)},
  Year                     = {2013},
  Month                    = {Sept},
  Pages                    = {1356-1360},

  Doi                      = {10.1109/PIMRC.2013.6666351},
  ISSN                     = {2166-9570},
  Keywords                 = {MIMO communication;numerical analysis;radio links;wireless channels;E-MES;L-MDES;L-MES;MIMO;ZF algorithm;enhanced multiuser eigenchannel selection;multicell multiuser cooperative downlink transmission scenario;multiple numerical simulation;multiple-input multiple-output multiuser downlink transmission;sequential projection algorithm;single cell multiuser downlink transmission;successive optimal eigen channel selection;sum-rate performance system;zero-forming algorithm;Downlink;MIMO;Receiving antennas;Signal to noise ratio;Transmitting antennas;MIMO;eigen selection;multi-user}
}

@InProceedings{1549555,
  Title                    = {Finding NEMO: near mutually orthogonal sets and applications to MIMO broadcast scheduling},
  Author                   = {C. Swannack and E. Uysal-Biyikoglu and G. W. Wornell},
  Booktitle                = {2005 International Conference on Wireless Networks, Communications and Mobile Computing},
  Year                     = {2005},
  Month                    = {June},
  Pages                    = {1035-1040 vol.2},
  Volume                   = {2},

  Doi                      = {10.1109/WIRLES.2005.1549555},
  Keywords                 = {MIMO systems;broadcast channels;probability;radiocommunication;scheduling;MIMO broadcast scheduling;NEMO;channel vectors;mutually orthogonal sets;phase transition phenomenon;zero-forcing method;Application software;Broadcast technology;Broadcasting;Downlink;Information geometry;Laboratories;MIMO;Processor scheduling;Scheduling algorithm;Throughput}
}

@InProceedings{7794662,
  Title                    = {Compressive downlink CSI estimation for FDD massive MIMO systems: A weighted block L1-Minimization Approach},
  Author                   = {C. C. Tseng and J. Y. Wu and T. S. Lee},
  Booktitle                = {2016 IEEE 27th Annual International Symposium on Personal, Indoor, and Mobile Radio Communications (PIMRC)},
  Year                     = {2016},
  Month                    = {Sept},
  Pages                    = {1-6},

  Doi                      = {10.1109/PIMRC.2016.7794662},
  Keywords                 = {MIMO communication;compressed sensing;matrix algebra;minimisation;FDD massive MIMO systems;I-norm reconstruction error upper bounds;MIMO channel matrices;angular domain representation;block sparse nature;channel matrix estimation;compressive downlink CSI estimation scheme;compressive sensing based downlink channel state information estimation scheme;two-stage weighted block ℓ1-minimization approach;Algorithm design and analysis;Channel estimation;Downlink;Estimation;MIMO;Sparse matrices;Training;Block sparse;channel estimation;compressive sensing;massive MIMO;restricted isometry property;sparse}
}

@InProceedings{6737084,
  Title                    = {Iterative scheduling for cell-edge in multi-cell MU-MIMO},
  Author                   = {G. Venkatraman and A. Tölli and J. Janhunen and M. Juntti},
  Booktitle                = {2013 IEEE Global Conference on Signal and Information Processing},
  Year                     = {2013},
  Month                    = {Dec},
  Pages                    = {1093-1096},

  __markedentry            = {[clarke:1]},
  Doi                      = {10.1109/GlobalSIP.2013.6737084},
  Keywords                 = {MIMO communication;array signal processing;cellular radio;cooperative communication;iterative methods;least mean squares methods;radiofrequency interference;BF;BS;C-US scheme;S-US scheme;W-MMSE scheme;base station;cell-edge;cooperative multicell multiuser multiple-input multiple-output transmission scheme;coordinated user selection;iterative joint scheduling algorithm;multicell MU-MIMO;mutual interference;static user selection;weighted minimum mean squared error scheme;zero-forcing beamforming;Interference;MIMO;Measurement;Multiplexing;Niobium;Signal to noise ratio;Vectors}
}

@InProceedings{7390897,
  Title                    = {Distributed User Selection in Multi-Cell Massive MIMO Systems with Pilot Contamination},
  Author                   = {M. Wang and L. M. Davis},
  Booktitle                = {2015 IEEE 82nd Vehicular Technology Conference (VTC2015-Fall)},
  Year                     = {2015},
  Month                    = {Sept},
  Pages                    = {1-5},

  Doi                      = {10.1109/VTCFall.2015.7390897},
  Keywords                 = {MIMO communication;cellular radio;channel estimation;communication complexity;data communication;mean square error methods;time division multiple access;MSE performance;TDD multicell massive MIMO;channel estimation;data transmission;low-complexity distributed user selection;mean squared error performance;pilot contamination reduction;scheduling decision;throughput performance improvement;time-division duplex multicell massive MIMO system;user selection threshold;virtual SINR;Array signal processing;Channel estimation;Contamination;Downlink;Interference;MIMO;Signal to noise ratio}
}

@InProceedings{4149710,
  Title                    = {User Selection and Resource Allocation for Multi-User MIMO-OFDM Systems with Downlink Beamforming},
  Author                   = {C. Wei and L. Qiu and J. Zhu},
  Booktitle                = {2006 First International Conference on Communications and Networking in China},
  Year                     = {2006},
  Month                    = {Oct},
  Pages                    = {1-5},

  Doi                      = {10.1109/CHINACOM.2006.344707},
  Keywords                 = {MIMO communication;OFDM modulation;error statistics;resource allocation;BER;SDMA-OFDM systems;bit error rate;computational complexity;downlink beamforming technique;integer programming;linear optimization problem;multiuser MIMO-OFDM systems;resource allocation algorithm;transmission power;user selection;Array signal processing;Base stations;Bit error rate;Computational complexity;Computational modeling;Downlink;Heuristic algorithms;Linear programming;Receiving antennas;Resource management;MIMO-OFDM;beamforming;bit error rate (BER);integer programming (IP);resource allocation;user selection}
}

@InProceedings{7510766,
  Title                    = {Access point selection and auction-based scheduling in uplink MU-MIMO WLANs},
  Author                   = {M. Xie and T. M. Lok},
  Booktitle                = {2016 IEEE International Conference on Communications (ICC)},
  Year                     = {2016},
  Month                    = {May},
  Pages                    = {1-6},

  __markedentry            = {[clarke:1]},
  Doi                      = {10.1109/ICC.2016.7510766},
  File                     = {:xie2016.pdf:PDF},
  Keywords                 = {MIMO communication;OFDM modulation;game theory;interference suppression;multiuser channels;space division multiplexing;telecommunication scheduling;wireless LAN;AP selection;OFDM subcarriers;STA scheduling problem;UL MU-MIMO channel;WLAN;ZF-SIC;auction game;information exchange;multiple access points;multiple stations;orthogonal frequency-division multiplexing subcarriers;spatial multiplexing;uplink multi-user multiple-input multiple-output channel;wireless local area network;zero-forcing successive interference cancellation;Antennas;Decoding;Dynamic scheduling;Games;Indexes;Throughput;Wireless LAN;access point selection;auction game;distributed;dynamic traffic;load balancing;pricing;scheduling;social welfare maximization;strategy-proofness;throughput;uplink MU-MIMO;utility maximization}
}

@InProceedings{6848008,
  Title                    = {Scalable user selection for MU-MIMO networks},
  Author                   = {X. Xie and X. Zhang},
  Booktitle                = {IEEE INFOCOM 2014 - IEEE Conference on Computer Communications},
  Year                     = {2014},
  Month                    = {April},
  Pages                    = {808-816},

  __markedentry            = {[clarke:1]},
  Doi                      = {10.1109/INFOCOM.2014.6848008},
  File                     = {:xie2014.pdf:PDF},
  ISSN                     = {0743-166X},
  Keywords                 = {MIMO communication;antennas;feedback;software radio;wireless channels;AP;CSI feedback;MU-MIMO networks;OPUS;access point;antennas;channel orthogonality;channel state information;distributed contention mechanism;large scale networks;multiuser MIMO network;orthogonality probing based user selection;scalable user selection mechanism;software-radio based implementation;Antennas;Downlink;Interference;MIMO;Measurement;Signal to noise ratio;Vectors}
}

@Article{1603708,
  Title                    = {On the optimality of multiantenna broadcast scheduling using zero-forcing beamforming},
  Author                   = {Taesang Yoo and A. Goldsmith},
  Journal                  = {IEEE Journal on Selected Areas in Communications},
  Year                     = {2006},

  Month                    = {March},
  Number                   = {3},
  Pages                    = {528-541},
  Volume                   = {24},

  Doi                      = {10.1109/JSAC.2005.862421},
  File                     = {:yoo2006.pdf:PDF},
  ISSN                     = {0733-8716},
  Keywords                 = {MIMO systems;antenna arrays;broadcast channels;channel capacity;channel coding;diversity reception;multiuser channels;scheduling;DPC;MIMO broadcast channel;ZFBF;channel capacity;dirty paper coding;multiantenna broadcast scheduling;multiple-input-multiple-output;multiuser diversity;proportional-fair ZFBF;round-robin ZFBF;zero-forcing beamforming strategy;Array signal processing;Base stations;Broadcasting;Downlink;H infinity control;MIMO;Receiving antennas;Throughput;Time division multiple access;Transmitting antennas;Broadcast channel;dirty paper coding (DPC);downlink scheduling;fair scheduling;imperfect channel state information (CSI);multiple-input/multiple-output (MIMO);multiple-input/multiple-output capacity;multiuser diversity;proportional fair;zero-forcing beamforming (ZFBF)}
}

@InProceedings{1577903,
  Title                    = {Sum-rate optimal multi-antenna downlink beamforming strategy based on clique search},
  Author                   = {Taesang Yoo and A. Goldsmith},
  Booktitle                = {GLOBECOM '05. IEEE Global Telecommunications Conference, 2005.},
  Year                     = {2005},
  Month                    = {Nov},
  Pages                    = {5 pp.-},
  Volume                   = {3},

  Doi                      = {10.1109/GLOCOM.2005.1577903},
  File                     = {:yoo2005.pdf:PDF},
  ISSN                     = {1930-529X},
  Keywords                 = {MIMO systems;antenna arrays;greedy algorithms;multiplexing;radio networks;set theory;MIMO downlink channels;asymptotic sum-capacity;clique search;greedy weighted clique;maximum weighted clique;multiuser MIMO downlink system;optimal multiantenna downlink beamforming strategy;spatial multiplexing strategy;user subset selection methods;zero-forcing beamforming;Array signal processing;Broadcasting;Costs;Decoding;Downlink;H infinity control;MIMO;Mobile antennas;Receiving antennas;Transmitting antennas}
}

